@string{aiaa-journal = {AIAA J.}}
@string{acta-numerica = {Acta Numerica}}
@string{applied-numerical-analysis = {Appl. Numer. Math.}}
@string{combustion-and-flame = {Combust. Flame}}
@string{combustion-science-and-technology = {Combust. Sci. Technol.}}
@string{combustion-theory-and-modelling = {Combust. Theor. Model.}}
@string{communications-in-computational-physics = {Commun. Comput. Phys.}}
@string{communications-on-pure-and-applied-mathematics = {Commun. Pur. Appl. Math.}}
@string{computer-methods-in-applied-mechanics-and-engineering = {Comput. Method. Appl. Mech. Engrg.}}
@string{computers-and-fluids = {Comput. Fluids}}
@string{computers-and-mathematics-with-applications = {Comput. Math. Appl.}}
@string{computers-and-structures = {Comput. Struct.}}
@string{continuum-mechanics-and-thermodynamics = {Continuum Mech. Therm.}}
@string{ieee-transactions-on-plasma-science = {IEEE T. Plasma. Sci.}}
@string{ieee-transactions-on-antennas-and-propagation = {IEEE T. Antenn. Propag.}}
@string{international-journal-for-numerical-methods-in-fluids = {Int. J. Numer. Meth. Fl.}}
@string{international-journal-for-numerical-methods-in-engineering = {Int. J. Numer. Meth. Eng.}}
@string{international-journal-of-computational-fluid-dynamics = {Int. J. Comput. Fluid D.}}
@string{international-journal-of-multiphase-flow = {Int. J. Multiphas. Flow}}
@string{journal-of-applied-physics = {J. Appl. Phys.}}
@string{journal-of-computational-physics = {J. Comput. Phys.}}
@string{journal-of-engineering-mathematics = {J. Eng. Math.}}
@string{journal-of-fluid-mechanics = {J. Fluid Mech.}}
@string{journal-of-scientific-computing = {J. Sci. Comput.}}
@string{mathematical-and-computer-modelling = {Math. Comput. Model.}}
@string{mathematical-models-and-methods-in-applied-sciences = {Math. Mod. Meth. Appl. S.}}
@string{mathematics-of-computation = {Math. Comput.}}
@string{matematicheskii-sbornik = {Mat. Sb.}}
@string{memoirs-of-the-american-mathematical-society={Mem. Am. Math. Soc.}}
@string{numerische-mathematik = {Numer. Math.}}
@string{philosophical-transactions-of-the-royal-society-of-london = {Philos. T. R. Soc. Lond.}}
@string{philosophical-transactions-of-the-royal-society-of-london-a = {Philos. T. R. Soc. Lond. A.}}
@string{physical-review-letters = {Phys. Rev. Lett.}}
@string{physics-of-plasmas = {Phys. Plasmas}}
@string{physics-of-fluids = {Phys. Fluids}}
@string{proceedings-of-the-royal-society-of-london = {P. R. Soc. London}}
@string{progress-in-energy-and-combustion-science = {Proj. Energ. Combust.}}
@string{reviews-of-modern-physics = {Rev. Mod. Phys.}}
@string{siam-journal-on-applied-math = {SIAM J. Appl. Math.}}
@string{siam-journal-on-numerical-analysis  = {SIAM J. Numer. Anal.}}
@string{siam-journal-on-scientific-computing  = {SIAM J. Sci. Comput.}}
@string{siam-review = {SIAM Rev.}}
@string{shock-waves = {Shock Waves}}
@string{tellus = {Tellus}}

